@article{kalman,
    title = {Extended Kalman Filters},
    journal = {MathWorks},
    year = {2023}, 
    url = {https://www.mathworks.com/help/fusion/ug/extended-kalman-filters.html}
}
@article{UMLAsSketch,
    author = {Martin Fowler},
    title = {Uml As Sketch},
    url = {https://martinfowler.com/bliki/UmlAsSketch.html}
}
@article{YOLO,
    author = {Techzizou},
    title = {YOLOv4 vs YOLOv4-tiny} ,
    journal = {Medium},
    year = {2021}, 
    url = {https://medium.com/analytics-vidhya/yolov4-vs-yolov4-tiny-97932b6ec8ec}
}