%% Users Citation
@misc{census2021,
    title = {Families and households in the UK: 2022},
    key = {Office for National Statistics (ONS)},
    year = {2023},
    month = {May},
    howpublished = {\url{https://www.ons.gov.uk/peoplepopulationandcommunity/birthsdeathsandmarriages/families/bulletins/familiesandhouseholds/2022#:~:text=The%20number%20of%20people%20living,households%20were%20women%20living%20alone.}}
    
}

@book{helgoe2013introvert,
  title={Introvert power: Why your inner life is your hidden strength},
  author={Helgoe, Laurie A},
  year={2013},
  publisher={Sourcebooks, Inc.}
}

@article{dag2021children,
  title={Children's only profession: Playing with toys.},
  author={Dag, Nevin Cetin and Turkkan, Emine and Kacar, Alper and Dag, Huseyin},
  journal={Northern Clinics of Istanbul},
  volume={8},
  number={4},
  year={2021}
}

@article{health2023foosball,
    title={Health Benefits of Foosball},
    author={Krish Tangella MD, MBA},
    journal={DoveMed},
    year={2023}
}

@article{king2012noise,
  title={Noise levels associated with urban land use},
  author={King, Gavin and Roland-Mieszkowski, Marek and Jason, Timothy and Rainham, Daniel G},
  journal={Journal of Urban Health},
  volume={89},
  pages={1017--1030},
  year={2012},
  publisher={Springer}
}

@misc{toys2023regulations,
    key = {Office for Product Safety \& Standards},
    title = {Toys (Safety) Regulations 2011: Great Britain},
    year = {2023},
    month = {December},
    howpublished = {\url{https://www.gov.uk/government/publications/toys-safety-regulations-2011/toys-safety-regulations-2011-great-britain}}
}

@misc{toy2023safety,
    key = {Arabian AlEkha},
    title = {Toy Safety},
    year = {2023},
    month = {May},
    howpublished = {\url{https://www.linkedin.com/pulse/toy-safety-arabian-alekha}} 
}

@misc{safetytipsSG,
    key = {Consumer Product Safety Office},
    title = {Safety Tips on Children Toys},
    howpublished = {\url{https://www.consumerproductsafety.gov.sg/safety-tips-on-children-toys/}}
}

@misc{arcade2023games,
    key = {arcade punks},
    author = {Ninja UK},
    title = {How Arcade Games Went From Games Of Chance To Games Of Skill},
    year = {2023},
    month = {June},
    howpublished = {\url{https://www.arcadepunks.com/how-arcade-games-went-from-games-of-chance-to-games-of-skill/}}
}

@article{scoring2017game,
    author = {Lee, Chun-I and Chen, I-Ping and Hsieh, Chi-Min and Liao, Chia-Ning},
    year = {2017},
    month = {01},
    pages = {26-43},
    title = {Design Aspects of Scoring Systems in Game},
    volume = {05},
    journal = {Art and Design Review},
    doi = {10.4236/adr.2017.51003}
}

@article{albulescu2022give,
  title={" Give me a break!" A systematic review and meta-analysis on the efficacy of micro-breaks for increasing well-being and performance},
  author={Albulescu, Patricia and Macsinga, Irina and Rusu, Andrei and Sulea, Coralia and Bodnaru, Alexandra and Tulbure, Bogdan Tudor},
  journal={Plos one},
  volume={17},
  number={8},
  pages={e0272460},
  year={2022},
  publisher={Public Library of Science San Francisco, CA USA}
}






@misc{marketInsight,
    title = {Foosball Table Market Insights Research Report [2023-2030]},
    author = {Commercial I\& Industrial Updates},
    year = {2023},
    url = {https://www.linkedin.com/pulse/foosball-table-market-insights-research-feuif/}
}

@misc{twitchTracker,
    title = {Chess - Twitch Statistics and Charts Â· TwitchTracker},
    author = {TwitchTracker},
    year = {2021},
    url = {https://twitchtracker.com/games/743}
}

@inproceedings{langley00,
 author    = {P. Langley},
 title     = {Crafting Papers on Machine Learning},
 year      = {2000},
 pages     = {1207--1216},
 editor    = {Pat Langley},
 booktitle     = {Proceedings of the 17th International Conference
              on Machine Learning (ICML 2000)},
 address   = {Stanford, CA},
 publisher = {Morgan Kaufmann}
}

@TechReport{mitchell80,
  author = 	 "T. M. Mitchell",
  title = 	 "The Need for Biases in Learning Generalizations",
  institution =  "Computer Science Department, Rutgers University",
  year = 	 "1980",
  address =	 "New Brunswick, MA",
}

@phdthesis{kearns89,
  author = {M. J. Kearns},
  title =  {Computational Complexity of Machine Learning},
  school = {Department of Computer Science, Harvard University},
  year =   {1989}
}


@Book{MachineLearningI,
  editor = 	 "R. S. Michalski and J. G. Carbonell and T.
		  M. Mitchell",
  title = 	 "Machine Learning: An Artificial Intelligence
		  Approach, Vol. I",
  publisher = 	 "Tioga",
  year = 	 "1983",
  address =	 "Palo Alto, CA"
}

@Book{DudaHart2nd,
  author =       "R. O. Duda and P. E. Hart and D. G. Stork",
  title =        "Pattern Classification",
  publisher =    "John Wiley and Sons",
  edition =      "2nd",
  year =         "2000"
}

@misc{anonymous,
  title= {Suppressed for Anonymity},
  author= {Author, N. N.},
  year= {2011},
}

@InCollection{Newell81,
  author =       "A. Newell and P. S. Rosenbloom",
  title =        "Mechanisms of Skill Acquisition and the Law of
                  Practice", 
  booktitle =    "Cognitive Skills and Their Acquisition",
  pages =        "1--51",
  publisher =    "Lawrence Erlbaum Associates, Inc.",
  year =         "1981",
  editor =       "J. R. Anderson",
  chapter =      "1",
  address =      "Hillsdale, NJ"
}
@Article{Samuel59,
  author = 	 "A. L. Samuel",
  title = 	 "Some Studies in Machine Learning Using the Game of
		  Checkers",
  journal =	 "IBM Journal of Research and Development",
  year =	 "1959",
  volume =	 "3",
  number =	 "3",
  pages =	 "211--229"
}
@article{loshchilov2018fixing,
  title = {Fixing weight decay regularization in {Adam}},
  author = {Loshchilov, Ilya and Hutter, Frank},
  journal={arXiv preprint arXiv:1711.05101},
  year={2017},
  url = {https://arxiv.org/abs/1711.05101}
}
@Article{trello,
  title={Trello},
  url={https://trello.com/},
  note={Accessed on 24th Jan 2024}
}

@Article{discord,
  title={Discord},
  url={https://discord.com/},
  note={Accessed on 24th Jan 2024}
}
@Article{openCV,
  title={OpenCV},
  url={https://opencv.org/},
  note={Accessed on 24th Jan 2024}
}